<record><leader>00000cas a22000007a 4500</leader><controlfield tag="001">35365572</controlfield><controlfield tag="008">960905d19uu19uuokuwr n       0    0eng d</controlfield><datafield ind1=" " ind2=" " tag="010"><subfield code="a">sn 96093925 </subfield></datafield><datafield ind1=" " ind2=" " tag="040"><subfield code="a">OBN</subfield><subfield code="b">eng</subfield><subfield code="c">OBN</subfield><subfield code="d">OCLCQ</subfield><subfield code="d">OCLCF</subfield><subfield code="d">OCLCO</subfield></datafield><datafield ind1=" " ind2=" " tag="042"><subfield code="a">msc</subfield></datafield><datafield ind1=" " ind2=" " tag="043"><subfield code="a">n-us-ok</subfield></datafield><datafield ind1="0" ind2=" " tag="130"><subfield code="a">Times herald (Pryor, Okla.)</subfield></datafield><datafield ind1="1" ind2="4" tag="245"><subfield code="a">The times herald.</subfield></datafield><datafield ind1="3" ind2=" " tag="246"><subfield code="a">Times hraldd</subfield></datafield><datafield ind1=" " ind2=" " tag="260"><subfield code="a">Pryor, Okla. :</subfield><subfield code="b">[s.n.]</subfield></datafield><datafield ind1=" " ind2=" " tag="300"><subfield code="a">v.</subfield></datafield><datafield ind1=" " ind2=" " tag="310"><subfield code="a">Weekly</subfield></datafield><datafield ind1=" " ind2=" " tag="588"><subfield code="a">Description based on: Vol. 14, no. 45 (Jan. 6, 1944).</subfield></datafield><datafield ind1=" " ind2="0" tag="651"><subfield code="a">Pryor (Okla.)</subfield><subfield code="v">Newspapers.</subfield></datafield><datafield ind1=" " ind2="0" tag="651"><subfield code="a">Mayes County (Okla.)</subfield><subfield code="v">Newspapers.</subfield></datafield><datafield ind1=" " ind2="7" tag="655"><subfield code="a">Newspapers.</subfield><subfield code="2">fast</subfield><subfield code="0">(OCoLC)fst01423814</subfield></datafield><datafield ind1=" " ind2="7" tag="651"><subfield code="a">Oklahoma</subfield><subfield code="z">Mayes County.</subfield><subfield code="2">fast</subfield><subfield code="0">(OCoLC)fst01218453</subfield></datafield><datafield ind1=" " ind2="7" tag="651"><subfield code="a">Oklahoma</subfield><subfield code="z">Pryor.</subfield><subfield code="2">fast</subfield><subfield code="0">(OCoLC)fst01220765</subfield></datafield><datafield ind1=" " ind2=" " tag="752"><subfield code="a">United States</subfield><subfield code="b">Oklahoma</subfield><subfield code="c">Mayes</subfield><subfield code="d">Pryor.</subfield></datafield></record>